@article{DanaherEtAl2017,
  author = {Danaher, John and Hogan, Michael J and Noone, Chris and Kennedy, Rónán and Behan, Anthony and De Paor, Aisling and Felzman, Heike and Haklay, Muki and Khoo, Su-Ming and Morison, John and Murphy, Maria Helen and O'Brolchain, Niall and Schafer, Burkhard and Shankar, Kalpana},
  title = {Algorithmic governance: Developing a research agenda through the power of collective intelligence},
  journal = {Big Data \& Society},
  year = {2017},
  volume = {4}
}

@article{Geiger2017,
  author = {Geiger, R Stuart},
  title = {Beyond opening up the black box: Investigating the role of algorithmic systems in Wikipedian organizational culture},
  journal = {Big Data \& Society},
  year = {2017},
  volume = {4}
}

@article{GeiHal2017,
  title = {Operationalizing Conflict and Cooperation between Automated Software Agents in Wikipedia: A Replication and Expansion of “Even Good Bots Fight”},
  author = {Geiger, R Stuart and Halfaker, Aaron},
  journal = {unpublished},
  year = {2017}
}

@inproceedings{HalKitRied2011,
  title = {Don't bite the newbies: how reverts affect the quantity and quality of Wikipedia work},
  author = {Halfaker, Aaron and Kittur, Aniket and Riedl, John},
  booktitle = {Proceedings of the 7th international symposium on wikis and open collaboration},
  pages = {163--172},
  year = {2011},
  organization = {ACM}
}

@article{MuellerBirn2014,
  title = {Bots in Wikipedia: Unfolding Their Duties},
  author = {Mueller-Birn, Claudia and Benjamin, Jesse and Nest, Marisa},
  journal = {unpublished},
  year = {2014}
}
